@article{zwietering1990modeling,
  author = {M. H. Zwietering and I. Jongenburger and F. M. Rombouts and K. van 'T Riet},
  title = {Modeling of the Bacterial Growth Curve},
  journal = {Applied and Environmental Microbiology},
  volume = {56},
  number = {6},
  pages = {1875--1881},
  year = {1990}
}

@article{johnson2004model,
  author = {Jerald B. Johnson and Kristian S. Omland},
  title = {Model selection in ecology and evolution},
  journal = {Trends in Ecology & Evolution},
  volume = {19},
  number = {2},
  pages = {101--108},
  year = {2004},
  publisher = {Elsevier}
}

@book{burnham2002model,
  author = {K. P. Burnham and D. R. Anderson},
  title = {Model Selection and Multimodel Inference: A Practical Information-Theoretic Approach},
  publisher = {Springer},
  year = {2002}
}

@article{akaike1973information,
  author = {H. Akaike},
  title = {Information theory as an extension of the maximum likelihood principle},
  booktitle = {Second International Symposium on Information Theory},
  editor = {B. N. Petrov and F. Csaki},
  pages = {267--281},
  publisher = {Akademiai Kiado},
  year = {1973}
}

@article{schwarz1978estimating,
  author = {G. Schwarz},
  title = {Estimating the dimension of a model},
  journal = {Annals of Statistics},
  volume = {6},
  pages = {461--464},
  year = {1978}
}

@article{gompertz1825law,
  author = {Benjamin Gompertz},
  title = {On the nature of the function expressive of the law of human mortality, and on a new mode of determining the value of life contingencies},
  journal = {Philosophical Transactions of the Royal Society of London},
  volume = {115},
  pages = {513--585},
  year = {1825}
}

@article{gibson1987effect,
  author = {A. M. Gibson and N. Bratchell and T. A. Roberts},
  title = {The effect of sodium chloride and temperature on the rate and extent of growth of Clostridium botulinum type A in pasteurized pork slurry},
  journal = {Journal of Applied Bacteriology},
  volume = {62},
  pages = {479--490},
  year = {1987}
}

@article{mackey1988incubation,
  author = {B. M. Mackey and A. L. Kerridge},
  title = {The effect of incubation temperature and inoculum size on growth of Salmonellae in minced beef},
  journal = {International Journal of Food Microbiology},
  volume = {6},
  pages = {57--65},
  year = {1988}
}

@article{marquardt1963algorithm,
  author = {D. W. Marquardt},
  title = {An algorithm for least-squares estimation of nonlinear parameters},
  journal = {Journal of the Society for Industrial and Applied Mathematics},
  volume = {11},
  pages = {431--441},
  year = {1963}
}

@article{phillips1987bacterial,
  author = {J. D. Phillips and M. W. Griffiths},
  title = {The relation between temperature and growth of bacteria in dairy products},
  journal = {Food Microbiology},
  volume = {4},
  pages = {173--185},
  year = {1987}
}

@article{lebreton1992survival,
  author = {J. D. Lebreton and K. P. Burnham and J. Clobert and D. R. Anderson},
  title = {Modeling survival and testing biological hypotheses using marked animals: a unified approach with case studies},
  journal = {Ecological Monographs},
  volume = {62},
  pages = {67--118},
  year = {1992}
}

@article{connolly2001sampling,
  author = {S. R. Connolly and A. I. Miller},
  title = {Joint estimation of sampling and turnover rates from fossil databases: capture-mark-recapture methods revisited},
  journal = {Paleobiology},
  volume = {27},
  pages = {751--767},
  year = {2001}
}

@article{turchin1995chaos,
  author = {Ellner, S. and Turchin, P.},
  title = {Chaos in a noisy world: new methods and evidence from time-series analysis},
  journal = {American Naturalist},
  volume = {145},
  pages = {343--375},
  year = {1995}
}

@article{dennis2000density,
  author = {B. Dennis and M. R. M. Otten},
  title = {Joint effects of density dependence and rainfall on abundance of San Joaquin kit fox},
  journal = {Journal of Wildlife Management},
  volume = {64},
  pages = {388--400},
  year = {2000}
}

@article{boulintier1998species,
  author = {T. Boulintier and C. J. Krebs and E. L. Charnov},
  title = {Estimating species richness: the importance of heterogeneity in species detectability},
  journal = {Ecology},
  volume = {79},
  pages = {1018--1028},
  year = {1998}
}

@article{huelsenbeck1997phylogeny,
  author = {J. P. Huelsenbeck and K. A. Crandall},
  title = {Phylogeny estimation and hypothesis testing using maximum likelihood},
  journal = {Annual Review of Ecology and Systematics},
  volume = {28},
  pages = {437--466},
  year = {1997}
}

@article{bratchell1989microbial,
  author = {N. Bratchell and A. M. Gibson and M. Truman and T. M. Kelly and T. A. Roberts},
  title = {Predicting microbial growth: the consequences of quantity of data},
  journal = {International Journal of Food Microbiology},
  volume = {8},
  pages = {47--58},
  year = {1989}
}

@article{jason1983deterministic,
  author = {A. C. Jason},
  title = {A deterministic model for monophasic growth of batch cultures of bacteria},
  journal = {Antonie van Leeuwenhoek Journal of Microbiology and Serology},
  volume = {49},
  pages = {513--536},
  year = {1983}
}

@article{adar1989comparison,
  author = {C. Adair and D. C. Kilsby and P. T. Whittall},
  title = {Comparison of the Schoolfield (non-linear Arrhenius) model and the square root model for predicting bacterial growth in foods},
  journal = {Food Microbiology},
  volume = {6},
  pages = {7--18},
  year = {1989}
}
